<?xml version="1.0" encoding="UTF-8"?><collection xmlns="http://www.loc.gov/MARC21/slim"><record><leader>00402nam--2200145-i-4500</leader><controlfield tag="001">000047496</controlfield><controlfield tag="002">20161230</controlfield><controlfield tag="005">20170211160754</controlfield><controlfield tag="008">060222s1000------------r-----000-0-eng-d</controlfield><datafield ind1=" " ind2=" " tag="100"><subfield code="a">Wisniewski, Feliks Joachim</subfield></datafield><datafield ind1=" " ind2=" " tag="245"><subfield code="a">La masse electomagnetique des particules elementaires</subfield></datafield><datafield ind1=" " ind2=" " tag="260"><subfield code="a">Lodz</subfield><subfield code="b">Societas Scientiarum Lodziensis</subfield><subfield code="c">1949</subfield></datafield><datafield ind1=" " ind2=" " tag="300"><subfield code="a">19 p</subfield></datafield><datafield ind1=" " ind2=" " tag="852"><subfield code="a">6814</subfield></datafield><datafield ind1=" " ind2=" " tag="CAT"><subfield code="a">SYS</subfield><subfield code="c">20170211</subfield><subfield code="h">160754</subfield></datafield></record></collection>